1417 2336
84 205 206 58 VERHOOR

138 236 90 62 VAN

78 289 227 64 GETUYGEN.

349 210 943 68 Ten jaere achttien honderd veertig, den negenden

353 255 934 83 julius voor ons Rechter van

334 307 923 74 Instructie by de Rechtbank van eersten Aenleg van het Arron-

321 357 969 79 dissement Brugge, geassisteerd door onzen Greffier, in ons

317 420 952 59 Kabinet, ten Paleyse van Justitie, te Brugge, is verschenen

303 464 972 71 ten eynde getuygenis te geven in de zaek vervolgd ten laste

317 518 701 52 van Jacobus Reckhem

293 578 1033 93 Joannes Maertens, oud 38 jaerne

284 635 791 67 landbouwer, te Lichtervelde

275 784 1013 83 de welke na den dagvaerd aen hem afgegeven den

267 832 1001 75 zesden dezer maend, vertoond te hebben en

260 886 986 67 na alvorens den eed te hebben gedaen in onze handen,

303 935 980 77 van geheel de waerheyd en niet anders dan de waerheyd te

301 987 950 66 zeggen, byvoegende geen bloedverwant, maegschap noch in

297 1039 819 63 dienst te zyn van de aengeklaegde, heeft getuygt op

295 1085 997 63 zestienden juny lest s’avonds kwart

284 1135 1027 60 naer acht ueren, hebbe ik ontmoet Pieter

270 1180 1054 63 Kwakkelbeen die afkwam van den kant

268 1226 1064 67 van zyn huys en op ging al de kant

286 1295 1044 54 van het dorp van Lichtervelde en ook

299 1336 970 59 ten zelven tyde al de kant der woonste

293 1395 1022 52 van Franciscus Decuyper. Op den vrydag

281 1432 1027 82 opvolgende, zynde op myn land tydens

295 1494 1048 61 de moeder van gemelden Pieter Kwakkelbeen

272 1533 1073 74 aldaer passeerde, ik sprak haer aen opzich-

218 1594 1146 72 telyk de aenhouding van Jacobus Riekhem

261 1648 1099 65 en deze zeyde mij dat waerschynlyk die

253 1696 1094 84 diefte door Riekhem niet alleen gepleegd

296 1750 1071 78 was geweest, dat waerschynlyk haren

301 1806 1074 73 zoon Pieter Kwakkelbeen, Ferdinand Lannoo

314 1858 1069 76 en Karel Kwartier, Reckhem medegeholpen

310 1900 1052 88 hadden; dat haren zoon Franciscus in den

270 1951 1102 86 avond van zestienden junij Jacobus Reckhem

284 2006 1073 94 en Pieter Kwakkelbeen ontmoet had opgaende

282 2054 1087 99 al de kant van het dorp en dat op het dorp

315 2181 319 80 L Simon

799 2201 490 51 C Van Caloen
